<record><leader>00000cas a22000007a 4500</leader><controlfield tag="001">13684293</controlfield><controlfield tag="008">860604d18631864vaudn ne      0    0eng  </controlfield><datafield ind1=" " ind2=" " tag="010"><subfield code="a">sn 86071563 </subfield></datafield><datafield ind1=" " ind2=" " tag="040"><subfield code="a">DLC</subfield><subfield code="b">eng</subfield><subfield code="c">DLC</subfield><subfield code="d">NJW</subfield><subfield code="d">NPH</subfield><subfield code="d">MGN</subfield><subfield code="d">NVK</subfield><subfield code="d">OCL</subfield><subfield code="d">OCLCO</subfield><subfield code="d">OCLCQ</subfield><subfield code="d">OCLCF</subfield></datafield><datafield ind1="1" ind2=" " tag="029"><subfield code="a">AU@</subfield><subfield code="b">000020236394</subfield></datafield><datafield ind1=" " ind2=" " tag="042"><subfield code="a">msc</subfield></datafield><datafield ind1=" " ind2=" " tag="043"><subfield code="a">n-us-va</subfield></datafield><datafield ind1="0" ind2="0" tag="050"><subfield code="a">Newspaper 10028-X</subfield></datafield><datafield ind1="0" ind2=" " tag="130"><subfield code="a">Daily chronicle (Charlottesville, Va.)</subfield></datafield><datafield ind1="1" ind2="4" tag="245"><subfield code="a">The daily chronicle.</subfield></datafield><datafield ind1="1" ind2="7" tag="246"><subfield code="a">Charlottesville daily chronicle</subfield></datafield><datafield ind1=" " ind2=" " tag="260"><subfield code="a">Charlottesville [Va.] :</subfield><subfield code="b">M.J. Hughes</subfield></datafield><datafield ind1=" " ind2=" " tag="300"><subfield code="a">v. ;</subfield><subfield code="c">45 cm.</subfield></datafield><datafield ind1=" " ind2=" " tag="310"><subfield code="a">Daily (except Sun.)</subfield></datafield><datafield ind1="1" ind2=" " tag="362"><subfield code="a">Began in Dec. 1863? Ceased in 1864.</subfield></datafield><datafield ind1=" " ind2=" " tag="530"><subfield code="a">Available on microfilm from the University of Virginia.</subfield></datafield><datafield ind1=" " ind2=" " tag="588"><subfield code="a">Description based on: Vol. 1, no. 56 (Feb. 14, 1864).</subfield></datafield><datafield ind1=" " ind2="0" tag="651"><subfield code="a">Charlottesville (Va.)</subfield><subfield code="v">Newspapers.</subfield></datafield><datafield ind1=" " ind2="7" tag="655"><subfield code="a">Newspapers.</subfield><subfield code="2">fast</subfield><subfield code="0">(OCoLC)fst01423814</subfield></datafield><datafield ind1=" " ind2="7" tag="651"><subfield code="a">Virginia</subfield><subfield code="z">Charlottesville.</subfield><subfield code="2">fast</subfield><subfield code="0">(OCoLC)fst01204493</subfield></datafield><datafield ind1=" " ind2=" " tag="752"><subfield code="a">United States</subfield><subfield code="b">Virginia</subfield><subfield code="d">Charlottesville.</subfield></datafield><datafield ind1="0" ind2="0" tag="785"><subfield code="t">Charlottesville daily chronicle</subfield><subfield code="w">(DLC)sn 95079528</subfield></datafield></record>